@article{leonard1994stability,
  title={Stability of equilibria in a gene-for-gene coevolution model of host-parasite interactions},
  author={Leonard, KJ},
  journal={Phytopathology},
  volume={84},
  number={1},
  pages={70--77},
  year={1994},
  publisher={American Phytopathological Society}
}
@article{kirby1997effects,
  title={Effects of mutation and random drift on Leonard's gene-for-gene coevolution model},
  author={Kirby, Gregory Charles and Burdon, JJ},
  journal={Phytopathology},
  volume={87},
  number={5},
  pages={488--493},
  year={1997},
  publisher={Am Phytopath Society}
}
@article{leonard1977selection,
  title={Selection pressures and plant pathogens},
  author={Leonard, KJ},
  journal={Annals of the New York Academy of Sciences},
  volume={287},
  number={1},
  pages={207--222},
  year={1977},
  publisher={Wiley Online Library}
}
@article{aihara1990chaotic,
  title={Chaotic neural networks},
  author={Aihara, Kazuyuki and Takabe, T and Toyoda, M},
  journal={Physics letters A},
  volume={144},
  number={6-7},
  pages={333--340},
  year={1990},
  publisher={Elsevier}
}
@article{flor1942complementary,
  title={Inheritance of a pathogenicity in a cross between  physiologic races 22 and 24 of Melampsora lini.},
  author={Flor, HH},
  journal={Phytopathology},
  year={1942},
  publisher={Elsevier}
}
@book{vanderplank1968disease,
  title={Disease resistance in plants},
  author={Vanderplank, James Edward},
  year={1968},
  publisher={Elsevier}
}
@article{sedcole1978selection,
  title={Selection pressures and plant pathogens: Stability of equilibria.},
  author={Sedcole, JR},
  journal={Phytopathology},
  year={1978}
}
@article{leonard1978response,
  title={In response to'Selection Pressures and Plant Pathogens: Stability of Equilibria'.},
  author={Leonard, KJ and Czochor, RJ},
  journal={Phytopathology},
  year={1978}
}
@article{fleming1980selection,
  title={Selection pressures and plant pathogens: robustness of the model.},
  author={Fleming, RA and others},
  journal={Phytopathology},
  volume={70},
  number={3},
  pages={175--178},
  year={1980}
}

@article{dalziel2016persistent,
  title={Persistent chaos of measles epidemics in the prevaccination United States caused by a small change in seasonal transmission patterns},
  author={Dalziel, Benjamin D and Bj{\o}rnstad, Ottar N and van Panhuis, Willem G and Burke, Donald S and Metcalf, C Jessica E and Grenfell, Bryan T},
  journal={PLoS Comput Biol},
  volume={12},
  number={2},
  pages={e1004655},
  year={2016},
  publisher={Public Library of Science}
}
@book{vanderplank1982host,
  title={Host-pathogen interactions in plant disease},
  author={Vanderplank, James Edward},
  year={1982},
  publisher={Elsevier}
}
